@misc{en50160,
title={{EN} 50160:2010 {M}erkmale der {S}pannung in öffentlichen {E}lektrizitätsversorgungsnetzen},
month={3},
year={2011},
author={ÖVE/ÖNORM}}

@misc{iec61000,
title={{IEC} 61000-4-30:2009 {E}lektromagnetische {V}erträglichkeit ({EMV}) {T}eil 4-30: {P}rüf- und {M}essverfahren - {V}erfahren zur {M}essung der {S}pannungsqualität},
month={11},
year={2009},
author={ÖVE/ÖNORM}}

@BOOK{sig_proc, 
Author = {Sophocles Orfanidis},
  Title = {Introduction to Signal Processing},
  Publisher = {Prentice Hall},
  Year = {1995},
  ISBN = {0132091720}
}

@book{sampling,
  title={Digital Communication Systems Engineering with Software-Defined Radio},
  author={Wyglinski, A.M. and Di Pu, A.M.W. and Pu, D.},
  isbn={9781608075263},
  url={http://books.google.at/books?id=3z2uklY5O3oC},
  year={2013},
  publisher={Artech House Publishers}
}

@book{fourier,
  title={The Discrete Fourier Transform: Theory, Algorithms and Applications},
  author={Sundararajan, D.},
  isbn={9789812810298},
  url={http://books.google.at/books?id=54kTgFg5IVgC},
  year={2001},
  publisher={World Scientific Publishing Company, Incorporated}
}

@book{cooley_tukey,
  title={Signal Processing Quick Study Guide for Smartphones and Mobile Devices},
  author={MobileReference},
  isbn={9781605010670},
  series={Mobi Study Guides},
  url={http://books.google.at/books?id=sf0qc7apXsUC},
  year={2007},
  publisher={MobileReference}
}

@book{signalverarbeitung,
  title={Signalverarbeitung: Analoge und digitale Signale, Systeme und Filter},
  author={Meyer, M.},
  year={2006},
  publisher={Springer Science+Business Media}
}

@ARTICLE{dcf77, 
	author={Engeler, D.}, 
	journal={Ultrasonics, Ferroelectrics and Frequency Control, IEEE Transactions on}, 
	title={{Performance analysis and receiver architectures of DCF77 radio-controlled clocks}}, 
	year={2012}, 
	month={May}, 
	volume={59}, 
	number={5}, 
	pages={869-884}, 
	doi={10.1109/TUFFC.2012.2272}, 
	ISSN={0885-3010}
}

@INPROCEEDINGS{dcf77_2, 
	author={Piester, Dirk and Hetzel, Peter and Bauch, Andreas}, 
	booktitle={PTB-Mitteilungen vol. 114 (Heft 4)}, 
	title={{Zeit- und Normalfrequenzverbreitung mit DCF77}}, 
	year={2004}, 
	pages={345-368}
}

@misc{dcf77_3,
  author = {{B. Rega}},
  title = {{Genauigkeitsvergleich DCF77 und GPS}},
  howpublished = {\url{http://www.hopf.com/de/dcf77-gps_de.html}},
  note = "{Online; accessed 07-May-2014}"
}

@misc{irig,
	author = {{Secretariat of Range Commanders Council, U.S. Army White Sands Missile Range}},
	title = {{IRIG Standard 200-04: IRIG Serial Time Code Formats}},
	year = {2004}
}

@misc{gps,
	author = {{Department of Defense, United States of America}},
	title = {{Global Positioning System Standard Positioning Service Performance Standard 4th Edition}},
	month = {September},
	year = {2008},
	volume={4}
}

@misc{nmea,
	author = {{National Marine Electronics Association}},
	title = {{NMEA 0183, Standard For Interfacing Marine Electronic Devices, Version 3.01}},
	month = {January},
	year = {2002}
}
	
@ARTICLE{sntp, 
	author={Johannessen, S.}, 
	journal={Control Systems, IEEE}, 
	title={Time synchronization in a local area network}, 
	year={2004}, 
	month={Apr}, 
	volume={24}, 
	number={2}, 
	pages={61-69}, 
	doi={10.1109/MCS.2004.1275432}, 
	ISSN={1066-033X}
}

@misc{rfc5905,
  author="Mills, D. and Delaware, U. and Martin, J and Burbank, J. and Kasch, W.",
  title="{{RFC 5905: Network Time Protocol Version 4: Protocol and Algorithms Specification - Internet Engineering Task Force (IETF)}}",
  series={Request for Comments},
  number={5905},
  publisher={Internet Engineering Task Force (IETF)},
  year={2010},
  month={June},
}